

@article{TE01,
  title={Measuring information transfer},
  author={Schreiber, Thomas},
  journal={Physical review letters},
  volume={85},
  number={2},
  pages={461},
  year={2000},
  publisher={APS}
}

@article{TE02,
  title={Granger causality and transfer entropy are equivalent for Gaussian variables},
  author={Barnett, Lionel and Barrett, Adam B and Seth, Anil K},
  journal={Physical review letters},
  volume={103},
  number={23},
  pages={238701},
  year={2009},
  publisher={APS}
}

@article{assaf2022using,
  title={Using transfer entropy to measure information flows between cryptocurrencies},
  author={Assaf, Ata and Bilgin, Mehmet Huseyin and Demir, Ender},
  journal={Physica A: Statistical Mechanics and Its Applications},
  volume={586},
  pages={126484},
  year={2022},
  publisher={Elsevier}
}



@article{dimpfl2013using,
  title={Using transfer entropy to measure information flows between financial markets},
  author={Dimpfl, Thomas and Peter, Franziska Julia},
  journal={Studies in Nonlinear Dynamics and Econometrics},
  volume={17},
  number={1},
  pages={85--102},
  year={2013},
  publisher={De Gruyter}
}

@article{TE03,
  title={RTransferEntropy—Quantifying information flow between different time series using effective transfer entropy},
  author={Simon Behrendt and Thomas Dimpfl and Franziska J. Peter and David J. Zimmermann},
  journal={SoftwareX},
  volume={10},
  pages={100265},
  year={2019},
  publisher={Elsevier}
}
